@inproceedings{price-messinger:aaai05,
  author    = {Robert Price and
               Paul R. Messinger},
  title     = {Optimal Recommendation Sets: Covering Uncertainty over User
               Preferences},
  booktitle = aaai05,
  year      = {2005},
  pages     = {541-548},
  bibsource = {DBLP, http://dblp.uni-trier.de}
}
@inproceedings{gajos:uist05,
  author    = {Krzysztof Gajos and
               Daniel S. Weld},
  title     = {Preference elicitation for interface optimization},
  booktitle = {UIST},
  year      = {2005},
  pages     = {173-182},
  ee        = {http://doi.acm.org/10.1145/1095034.1095063},
  crossref  = {DBLP:conf/uist/2005},
  bibsource = {DBLP, http://dblp.uni-trier.de}
}

@proceedings{DBLP:conf/uist/2005,
  editor    = {Patrick Baudisch and
               Mary Czerwinski and
               Dan R. Olsen},
  title     = {Proceedings of the 18th Annual ACM Symposium on User Interface
               Software and Technology, Seattle, WA, USA, October 23-26,
               2005},
  booktitle = {UIST},
  publisher = {ACM},
  year      = {2005},
  isbn      = {1-59593-271-2},
  bibsource = {DBLP, http://dblp.uni-trier.de}
}


@inproceedings{CampigottoPB11,
  author    = {Paolo Campigotto and
               Andrea Passerini and
               Roberto Battiti},
  title     = {Active Learning of Combinatorial Features for Interactive
               Optimization},
  booktitle = {LION},
  year      = {2011},
  pages     = {336-350},
  ee        = {http://dx.doi.org/10.1007/978-3-642-25566-3_25},
  crossref  = {DBLP:conf/lion/2011},
  bibsource = {DBLP, http://dblp.uni-trier.de}
}

@proceedings{DBLP:conf/lion/2011,
  editor    = {Carlos A. Coello Coello},
  title     = {Learning and Intelligent Optimization - 5th International
               Conference, LION 5, Rome, Italy, January 17-21, 2011. Selected
               Papers},
  booktitle = {LION},
  publisher = {Springer},
  series    = {Lecture Notes in Computer Science},
  volume    = {6683},
  year      = {2011},
  isbn      = {978-3-642-25565-6},
  ee        = {http://dx.doi.org/10.1007/978-3-642-25566-3},
  bibsource = {DBLP, http://dblp.uni-trier.de}
}

